<record><leader>00000cas a2200000 a 4500</leader><controlfield tag="001">11911330</controlfield><controlfield tag="008">850412d19151917ksuwr ne      0    0eng d</controlfield><datafield ind1=" " ind2=" " tag="010"><subfield code="a">sn 85029066 </subfield></datafield><datafield ind1=" " ind2=" " tag="040"><subfield code="a">KSH</subfield><subfield code="b">eng</subfield><subfield code="c">KSH</subfield><subfield code="d">NPT</subfield><subfield code="d">OCL</subfield><subfield code="d">OCLCQ</subfield></datafield><datafield ind1=" " ind2=" " tag="042"><subfield code="a">msc</subfield></datafield><datafield ind1="0" ind2=" " tag="130"><subfield code="a">Daily reporter (Valley Falls, Kan.)</subfield></datafield><datafield ind1="1" ind2="0" tag="245"><subfield code="a">Daily reporter.</subfield></datafield><datafield ind1="1" ind2="3" tag="246"><subfield code="a">Valley falls daily reporter</subfield><subfield code="f">&lt;Sept. 27&gt;-Oct. 4, 1917</subfield></datafield><datafield ind1="1" ind2="3" tag="246"><subfield code="a">Valley Falls weekly reporter</subfield><subfield code="f">Oct. 11-Nov. 15, 1917</subfield></datafield><datafield ind1=" " ind2=" " tag="260"><subfield code="a">Valley Falls, Kan. :</subfield><subfield code="b">[Geo. C. Hall],</subfield><subfield code="c">-1917.</subfield></datafield><datafield ind1=" " ind2=" " tag="300"><subfield code="a">v. ;</subfield><subfield code="c">34-52 cm.</subfield></datafield><datafield ind1=" " ind2=" " tag="310"><subfield code="a">Weekly,</subfield><subfield code="b">&lt;Sept. 27&gt;-Nov. 15, 1917</subfield></datafield><datafield ind1=" " ind2=" " tag="321"><subfield code="a">Daily (except Sunday and holidays),</subfield><subfield code="b">June 1915-July 28, 1917</subfield></datafield><datafield ind1=" " ind2=" " tag="321"><subfield code="a">Semiweekly,</subfield><subfield code="b">Aug. 1-&lt;Aug. 25&gt;, 1917</subfield></datafield><datafield ind1="0" ind2=" " tag="362"><subfield code="a">-v. 3, no. 62-672 (Nov. 15, 1917).</subfield></datafield><datafield ind1="1" ind2=" " tag="362"><subfield code="a">Began in 1915.</subfield></datafield><datafield ind1=" " ind2=" " tag="500"><subfield code="a">Published at Topeka, Kan., &lt;Sept. 27&gt;-Nov. 15, 1917.</subfield></datafield><datafield ind1=" " ind2=" " tag="500"><subfield code="a">"Promotes pure clean republicanism," &lt;July 21-Dec. 19, 1915&gt;.</subfield></datafield><datafield ind1=" " ind2=" " tag="515"><subfield code="a">Numbering is irregular.</subfield></datafield><datafield ind1=" " ind2=" " tag="525"><subfield code="a">Includes supplements.</subfield></datafield><datafield ind1=" " ind2=" " tag="588"><subfield code="a">Description based on: Vol. 1, no. 43 (July 21, 1915).</subfield></datafield><datafield ind1=" " ind2=" " tag="752"><subfield code="a">United States</subfield><subfield code="b">Kansas</subfield><subfield code="c">Jefferson</subfield><subfield code="d">Valley Falls.</subfield></datafield><datafield ind1=" " ind2=" " tag="752"><subfield code="a">United States</subfield><subfield code="b">Kansas</subfield><subfield code="c">Shawnee</subfield><subfield code="d">Topeka.</subfield></datafield><datafield ind1="0" ind2="0" tag="785"><subfield code="t">Hoyt weekly reporter</subfield><subfield code="w">(DLC)sn 85029065</subfield></datafield><datafield ind1="1" ind2=" " tag="029"><subfield code="a">AU@</subfield><subfield code="b">000023435260</subfield></datafield></record>